

@inproceedings{sainath2013deep,
  title={Deep convolutional neural networks for LVCSR},
  author={Sainath, Tara N and Mohamed, Abdel-rahman and Kingsbury, Brian and Ramabhadran, Bhuvana},
  booktitle={Acoustics, Speech and Signal Processing (ICASSP), 2013 IEEE International Conference on},
  pages={8614--8618},
  year={2013},
  organization={IEEE}
}