% Translations

@inproceedings{GrePasViaGri201610,
  author = {Nicolas Grelier and Bastien Pasdeloup and
Jean-Charles Vialatte and Vincent Gripon},
  title = {Neighborhood-Preserving Translations on
Graphs},
  booktitle = {Proceedings of IEEE GlobalSIP},
  year = {2016},
  pages = {410--414}
}

@article{pasdeloup2017translations,
  title={Translations on graphs with neighborhood preservation},
  author={Pasdeloup, Bastien and Gripon, Vincent and Grelier, Nicolas and Vialatte, Jean-Charles and Pastor, Dominique},
  journal={arXiv preprint arXiv:1709.03859},
  year={2017}
}

@article{pasdeloup2017convolutional,
  title={Convolutional neural networks on irregular domains through approximate translations on inferred graphs},
  author={Pasdeloup, Bastien and Gripon, Vincent and Vialatte, Jean-Charles and Pastor, Dominique},
  journal={arXiv preprint arXiv:1710.10035},
  year={2017}
}
