% Graph Spectral Deep Learning

@article{bruna2013spectral,
  title={Spectral networks and locally connected networks on graphs},
  author={Bruna, Joan and Zaremba, Wojciech and Szlam, Arthur and LeCun, Yann},
  journal={arXiv preprint arXiv:1312.6203},
  year={2013}
}

@article{henaff2015deep,
  title={Deep convolutional networks on graph-structured data},
  author={Henaff, Mikael and Bruna, Joan and LeCun, Yann},
  journal={arXiv preprint arXiv:1506.05163},
  year={2015}
}

@inproceedings{defferrard2016convolutional,
  title={Convolutional neural networks on graphs with fast localized spectral filtering},
  author={Defferrard, Micha{\"e}l and Bresson, Xavier and Vandergheynst, Pierre},
  booktitle={Advances in Neural Information Processing Systems},
  pages={3837--3845},
  year={2016}
}

@article{yi2016syncspeccnn,
  title={Syncspeccnn: Synchronized spectral CNN for 3d shape segmentation},
  author={Yi, Li and Su, Hao and Guo, Xingwen and Guibas, Leonidas},
  journal={arXiv preprint arXiv:1612.00606},
  year={2016}
}

@article{seo2016structured,
  title={Structured sequence modeling with graph convolutional recurrent networks},
  author={Seo, Youngjoo and Defferrard, Micha{\"e}l and Vandergheynst, Pierre and Bresson, Xavier},
  journal={arXiv preprint arXiv:1612.07659},
  year={2016}
}

@article{levie2017cayleynets,
  title={CayleyNets: Graph Convolutional Neural Networks with Complex Rational Spectral Filters},
  author={Levie, Ron and Monti, Federico and Bresson, Xavier and Bronstein, Michael M},
  journal={arXiv preprint arXiv:1705.07664},
  year={2017}
}

@article{nowak2017note,
  title={A note on learning algorithms for quadratic assignment with graph neural networks},
  author={Nowak, Alex and Villar, Soledad and Bandeira, Afonso S and Bruna, Joan},
  journal={arXiv preprint arXiv:1706.07450},
  year={2017}
}


% Graph Vertex Deep Learning

@article{scarselli2009graph,
  title={The graph neural network model},
  author={Scarselli, Franco and Gori, Marco and Tsoi, Ah Chung and Hagenbuchner, Markus and Monfardini, Gabriele},
  journal={IEEE Transactions on Neural Networks},
  volume={20},
  number={1},
  pages={61--80},
  year={2009},
  publisher={IEEE}
}

@article{li2015gated,
  title={Gated graph sequence neural networks},
  author={Li, Yujia and Tarlow, Daniel and Brockschmidt, Marc and Zemel, Richard},
  journal={arXiv preprint arXiv:1511.05493},
  year={2015}
}

@inproceedings{atwood2016diffusion,
  title={Diffusion-convolutional neural networks},
  author={Atwood, James and Towsley, Don},
  booktitle={Advances in Neural Information Processing Systems},
  pages={1993--2001},
  year={2016}
}

@inproceedings{duvenaud2015convolutional,
  title={Convolutional Networks on Graphs for Learning Molecular Fingerprints},
  author={Duvenaud, David K and Maclaurin, Dougal and Iparraguirre, Jorge and Bombarell, Rafael and Hirzel, Timothy and Aspuru-Guzik, Al{\'a}n and Adams, Ryan P},
  booktitle={Advances in Neural Information Processing Systems},
  pages={2215--2223},
  year={2015}
}

@article{kearnes2016molecular,
  title={Molecular graph convolutions: moving beyond fingerprints},
  author={Kearnes, Steven and McCloskey, Kevin and Berndl, Marc and Pande, Vijay and Riley, Patrick},
  journal={Journal of computer-aided molecular design},
  volume={30},
  number={8},
  pages={595--608},
  year={2016},
  publisher={Springer}
}

@article{vialatte2016generalizing,
  title={Generalizing the convolution operator to extend cnns to irregular domains},
  author={Vialatte, Jean-Charles and Gripon, Vincent and Mercier, Gr{\'e}goire},
  journal={arXiv preprint arXiv:1606.01166},
  year={2016}
}

@article{kipf2016semi,
  title={Semi-supervised classification with graph convolutional networks},
  author={Kipf, Thomas N and Welling, Max},
  journal={arXiv preprint arXiv:1609.02907},
  year={2016}
}

@inproceedings{niepert2016learning,
 author = {Niepert, Mathias and Ahmed, Mohamed and Kutzkov, Konstantin},
 title = {Learning Convolutional Neural Networks for Graphs},
 booktitle = {Proceedings of the 33rd International Conference on International Conference on Machine Learning},
 year = {2016},
 pages = {2014--2023}
}

@inproceedings{grover2016node2vec,
  title={node2vec: Scalable feature learning for networks},
  author={Grover, Aditya and Leskovec, Jure},
  booktitle={Proceedings of the 22nd ACM SIGKDD international conference on Knowledge discovery and data mining},
  pages={855--864},
  year={2016},
  organization={ACM}
}

@article{yang2016revisiting,
  title={Revisiting semi-supervised learning with graph embeddings},
  author={Yang, Zhilin and Cohen, William W and Salakhutdinov, Ruslan},
  journal={arXiv preprint arXiv:1603.08861},
  year={2016}
}

@inproceedings{grover2016node2vec,
  title={node2vec: Scalable feature learning for networks},
  author={Grover, Aditya and Leskovec, Jure},
  booktitle={Proceedings of the 22nd ACM SIGKDD international conference on Knowledge discovery and data mining},
  pages={855--864},
  year={2016},
  organization={ACM}
}

@article{gilmer2017neural,
  title={Neural message passing for quantum chemistry},
  author={Gilmer, Justin and Schoenholz, Samuel S and Riley, Patrick F and Vinyals, Oriol and Dahl, George E},
  journal={arXiv preprint arXiv:1704.01212},
  year={2017}
}

@incollection{shutt2017schnet,
title = {SchNet: A continuous-filter convolutional neural network for modeling quantum interactions},
author = {Sch\"{u}tt, Kristof and Kindermans, Pieter-Jan and Sauceda Felix, Huziel Enoc and Chmiela, Stefan and Tkatchenko, Alexandre and M\"{u}ller, Klaus-Robert},
booktitle = {Advances in Neural Information Processing Systems 30},
editor = {I. Guyon and U. V. Luxburg and S. Bengio and H. Wallach and R. Fergus and S. Vishwanathan and R. Garnett},
pages = {992--1002},
year = {2017},
publisher = {Curran Associates, Inc.},
url = {http://papers.nips.cc/paper/6700-schnet-a-continuous-filter-convolutional-neural-network-for-modeling-quantum-interactions.pdf}
}

@article{vialatte2017learning,
  title={Learning Local Receptive Fields and their Weight Sharing Scheme on Graphs},
  author={Vialatte, Jean-Charles and Gripon, Vincent and Coppin, Gilles},
  journal={arXiv preprint arXiv:1706.02684},
  year={2017}
}

@article{puy2017unifying,
  title={Unifying local and non-local signal processing with graph CNNs},
  author={Puy, Gilles and Kitic, Srdan and P{\'e}rez, Patrick},
  journal={arXiv preprint arXiv:1702.07759},
  year={2017}
}

@article{du2017topology,
  title={Topology adaptive graph convolutional networks},
  author={Du, Jian and Zhang, Shanghang and Wu, Guanhang and Moura, Jos{\'e} MF and Kar, Soummya},
  journal={arXiv preprint arXiv:1710.10370},
  year={2017}
}

@article{tixier2017classifying,
  title={Classifying Graphs as Images with Convolutional Neural Networks},
  author={Tixier, Antoine Jean-Pierre and Nikolentzos, Giannis and Meladianos, Polykarpos and Vazirgiannis, Michalis},
  journal={arXiv preprint arXiv:1708.02218},
  year={2017}
}

@article{nikolentzos2017kernel,
  title={Kernel Graph Convolutional Neural Networks},
  author={Nikolentzos, Giannis and Meladianos, Polykarpos and Tixier, Antoine Jean-Pierre and Skianis, Konstantinos and Vazirgiannis, Michalis},
  journal={arXiv preprint arXiv:1710.10689},
  year={2017}
}

@article{velickovic2017graph,
  title={Graph Attention Networks},
  author={Velickovic, Petar and Cucurull, Guillem and Casanova, Arantxa and Romero, Adriana and Lio, Pietro and Bengio, Yoshua},
  journal={stat},
  volume={1050},
  pages={20},
  year={2017}
}

@article{hamilton2017inductive,
  title={Inductive Representation Learning on Large Graphs},
  author={Hamilton, William L and Ying, Rex and Leskovec, Jure},
  journal={arXiv preprint arXiv:1706.02216},
  year={2017}
}

@article{hamilton2017representation,
  title={Representation Learning on Graphs: Methods and Applications},
  author={Hamilton, William L and Ying, Rex and Leskovec, Jure},
  journal={arXiv preprint arXiv:1709.05584},
  year={2017}
}

@article{simonovsky2017dynamic,
  title={Dynamic Edge-Conditioned Filters in Convolutional Neural Networks on Graphs},
  author={Simonovsky, Martin and Komodakis, Nikos},
  journal={arXiv preprint arXiv:1704.02901},
  year={2017}
}

@article{landrieu2017large,
  title={Large-scale Point Cloud Semantic Segmentation with Superpoint Graphs},
  author={Landrieu, Loic and Simonovsky, Martin},
  journal={arXiv preprint arXiv:1711.09869},
  year={2017}
}

@article{li2017learning,
  title={Learning Graph While Training: An Evolving Graph Convolutional Neural Network},
  author={Li, Ruoyu and Huang, Junzhou},
  journal={arXiv preprint arXiv:1708.04675},
  year={2017}
}

@article{sankar2017motif,
  title={Motif-based Convolutional Neural Network on Graphs},
  author={Sankar, Aravind and Zhang, Xinyang and Chang, Kevin Chen-Chuan},
  journal={arXiv preprint arXiv:1711.05697},
  year={2017}
}

@article{li2018adaptive,
  title={Adaptive Graph Convolutional Neural Networks},
  author={Li, Ruoyu and Wang, Sheng and Zhu, Feiyun and Huang, Junzhou},
  journal={arXiv preprint arXiv:1801.03226},
  year={2018}
}

@article{kondor2018covariant,
  title={Covariant Compositional Networks For Learning Graphs},
  author={Kondor, Risi and Son, Hy Truong and Pan, Horace and Anderson, Brandon and Trivedi, Shubhendu},
  journal={arXiv preprint arXiv:1801.02144},
  year={2018}
}

@article{liu2018geniepath,
  title={GeniePath: Graph Neural Networks with Adaptive Receptive Paths},
  author={Liu, Ziqi and Chen, Chaochao and Li, Longfei and Zhou, Jun and Li, Xiaolong and Song, Le},
  journal={arXiv preprint arXiv:1802.00910},
  year={2018}
}

% Manifold domain Deep learning

@inproceedings{masci2015geodesic,
  title={Geodesic convolutional neural networks on riemannian manifolds},
  author={Masci, Jonathan and Boscaini, Davide and Bronstein, Michael and Vandergheynst, Pierre},
  booktitle={Proceedings of the IEEE international conference on computer vision workshops},
  pages={37--45},
  year={2015}
}

@inproceedings{boscaini2016learning,
  title={Learning shape correspondence with anisotropic convolutional neural networks},
  author={Boscaini, Davide and Masci, Jonathan and Rodol{\`a}, Emanuele and Bronstein, Michael},
  booktitle={Advances in Neural Information Processing Systems},
  pages={3189--3197},
  year={2016}
}

@article{monti2016geometric,
  title={Geometric deep learning on graphs and manifolds using mixture model CNNs},
  author={Monti, Federico and Boscaini, Davide and Masci, Jonathan and Rodol{\`a}, Emanuele and Svoboda, Jan and Bronstein, Michael M},
  journal={arXiv preprint arXiv:1611.08402},
  year={2016}
}


@article{bronstein2017geometric,
  title={Geometric deep learning: going beyond euclidean data},
  author={Bronstein, Michael M and Bruna, Joan and LeCun, Yann and Szlam, Arthur and Vandergheynst, Pierre},
  journal={IEEE Signal Processing Magazine},
  volume={34},
  number={4},
  pages={18--42},
  year={2017},
  publisher={IEEE}
}

@article{monti2017geometric,
  title={Geometric matrix completion with recurrent multi-graph neural networks},
  author={Monti, Federico and Bronstein, Michael M and Bresson, Xavier},
  journal={arXiv preprint arXiv:1704.06803},
  year={2017}
}

% Graph based for images

@article{khasanova2017graph,
  title={Graph-based Isometry Invariant Representation Learning},
  author={Khasanova, Renata and Frossard, Pascal},
  journal={arXiv preprint arXiv:1703.00356},
  year={2017}
}


% Translations


@inproceedings{GrePasViaGri201610,
  author = {Nicolas Grelier and Bastien Pasdeloup and
Jean-Charles Vialatte and Vincent Gripon},
  title = {Neighborhood-Preserving Translations on
Graphs},
  booktitle = {Proceedings of IEEE GlobalSIP},
  year = {2016},
  pages = {410--414}
}

@article{pasdeloup2017translations,
  title={Translations on graphs with neighborhood preservation},
  author={Pasdeloup, Bastien and Gripon, Vincent and Grelier, Nicolas and Vialatte, Jean-Charles and Pastor, Dominique},
  journal={arXiv preprint arXiv:1709.03859},
  year={2017}
}

@article{pasdeloup2017convolutional,
  title={Convolutional neural networks on irregular domains through approximate translations on inferred graphs},
  author={Pasdeloup, Bastien and Gripon, Vincent and Vialatte, Jean-Charles and Pastor, Dominique},
  journal={arXiv preprint arXiv:1710.10035},
  year={2017}
}
