% Manifold domain Deep learning

@inproceedings{masci2015geodesic,
  title={Geodesic convolutional neural networks on riemannian manifolds},
  author={Masci, Jonathan and Boscaini, Davide and Bronstein, Michael and Vandergheynst, Pierre},
  booktitle={Proceedings of the IEEE international conference on computer vision workshops},
  pages={37--45},
  year={2015}
}

@inproceedings{boscaini2016learning,
  title={Learning shape correspondence with anisotropic convolutional neural networks},
  author={Boscaini, Davide and Masci, Jonathan and Rodol{\`a}, Emanuele and Bronstein, Michael},
  booktitle={Advances in Neural Information Processing Systems},
  pages={3189--3197},
  year={2016}
}

@article{monti2016geometric,
  title={Geometric deep learning on graphs and manifolds using mixture model CNNs},
  author={Monti, Federico and Boscaini, Davide and Masci, Jonathan and Rodol{\`a}, Emanuele and Svoboda, Jan and Bronstein, Michael M},
  journal={arXiv preprint arXiv:1611.08402},
  year={2016}
}


@article{bronstein2017geometric,
  title={Geometric deep learning: going beyond euclidean data},
  author={Bronstein, Michael M and Bruna, Joan and LeCun, Yann and Szlam, Arthur and Vandergheynst, Pierre},
  journal={IEEE Signal Processing Magazine},
  volume={34},
  number={4},
  pages={18--42},
  year={2017},
  publisher={IEEE}
}

@article{monti2017geometric,
  title={Geometric matrix completion with recurrent multi-graph neural networks},
  author={Monti, Federico and Bronstein, Michael M and Bresson, Xavier},
  journal={arXiv preprint arXiv:1704.06803},
  year={2017}
}