% Graph Spectral Deep Learning

@article{bruna2013spectral,
  title={Spectral networks and locally connected networks on graphs},
  author={Bruna, Joan and Zaremba, Wojciech and Szlam, Arthur and LeCun, Yann},
  journal={arXiv preprint arXiv:1312.6203},
  year={2013}
}

@article{henaff2015deep,
  title={Deep convolutional networks on graph-structured data},
  author={Henaff, Mikael and Bruna, Joan and LeCun, Yann},
  journal={arXiv preprint arXiv:1506.05163},
  year={2015}
}

@inproceedings{defferrard2016convolutional,
  title={Convolutional neural networks on graphs with fast localized spectral filtering},
  author={Defferrard, Micha{\"e}l and Bresson, Xavier and Vandergheynst, Pierre},
  booktitle={Advances in Neural Information Processing Systems},
  pages={3837--3845},
  year={2016}
}

@inproceedings{jaderberg2015spatial,
  title={Spatial transformer networks},
  author={Jaderberg, Max and Simonyan, Karen and Zisserman, Andrew and others},
  booktitle={Advances in neural information processing systems},
  pages={2017--2025},
  year={2015}
}

@article{yi2016syncspeccnn,
  title={Syncspeccnn: Synchronized spectral CNN for 3d shape segmentation},
  author={Yi, Li and Su, Hao and Guo, Xingwen and Guibas, Leonidas},
  journal={arXiv preprint arXiv:1612.00606},
  year={2016}
}

@article{seo2016structured,
  title={Structured sequence modeling with graph convolutional recurrent networks},
  author={Seo, Youngjoo and Defferrard, Micha{\"e}l and Vandergheynst, Pierre and Bresson, Xavier},
  journal={arXiv preprint arXiv:1612.07659},
  year={2016}
}

@article{levie2017cayleynets,
  title={CayleyNets: Graph Convolutional Neural Networks with Complex Rational Spectral Filters},
  author={Levie, Ron and Monti, Federico and Bresson, Xavier and Bronstein, Michael M},
  journal={arXiv preprint arXiv:1705.07664},
  year={2017}
}

@article{nowak2017note,
  title={A note on learning algorithms for quadratic assignment with graph neural networks},
  author={Nowak, Alex and Villar, Soledad and Bandeira, Afonso S and Bruna, Joan},
  journal={arXiv preprint arXiv:1706.07450},
  year={2017}
}

@article{zou2018Graph,
   author = {{Zou}, D. and {Lerman}, G.},
    title = "{Graph Convolutional Neural Networks via Scattering}",
  journal = {ArXiv e-prints},
archivePrefix = "arXiv",
   eprint = {1804.00099},
 primaryClass = "cs.IT",
 keywords = {Computer Science - Information Theory, Computer Science - Learning, Electrical Engineering and Systems Science - Signal Processing},
     year = 2018,
    month = mar,
   adsurl = {http://adsabs.harvard.edu/abs/2018arXiv180400099Z},
  adsnote = {Provided by the SAO/NASA Astrophysics Data System}
}
