@article{cybenko1989approximation,
  title={Approximation by superpositions of a sigmoidal function},
  author={Cybenko, George},
  journal={Mathematics of control, signals and systems},
  volume={2},
  number={4},
  pages={303--314},
  year={1989},
  publisher={Springer}
}

@article{hornik1989multilayer,
  title={Multilayer feedforward networks are universal approximators},
  author={Hornik, Kurt and Stinchcombe, Maxwell and White, Halbert},
  journal={Neural Networks},
  volume={2},
  number={5},
  pages={359--366},
  year={1989},
  publisher={Elsevier}
}

@article{hornik1991approximation,
  title={Approximation capabilities of multilayer feedforward networks},
  author={Hornik, Kurt},
  journal={Neural networks},
  volume={4},
  number={2},
  pages={251--257},
  year={1991},
  publisher={Elsevier}
}

@inproceedings{
arora2018understanding,
title={Understanding Deep Neural Networks with Rectified Linear Units},
author={Raman Arora and Amitabh Basu and Poorya Mianjy and Anirbit Mukherjee},
booktitle={International Conference on Learning Representations},
year={2018},
url={https://openreview.net/forum?id=B1J_rgWRW},
}

@inproceedings{
cohen2018boosting,
title={Boosting Dilated Convolutional Networks with Mixed Tensor Decompositions},
author={Nadav Cohen and Ronen Tamari and Amnon Shashua},
booktitle={International Conference on Learning Representations},
year={2018},
url={https://openreview.net/forum?id=S1JHhv6TW},
}