% graph deep learning old

@inproceedings{scarselli2005graph,
  title={Graph neural networks for ranking web pages},
  author={Scarselli, Franco and Yong, Sweah Liang and Gori, Marco and Hagenbuchner, Markus and Tsoi, Ah Chung and Maggini, Marco},
  booktitle={Web Intelligence, 2005. Proceedings. The 2005 IEEE/WIC/ACM International Conference on},
  pages={666--672},
  year={2005},
  organization={IEEE}
}

@inproceedings{gori2005new,
  title={A new model for learning in graph domains},
  author={Gori, Marco and Monfardini, Gabriele and Scarselli, Franco},
  booktitle={Neural Networks, 2005. IJCNN'05. Proceedings. 2005 IEEE International Joint Conference on},
  volume={2},
  pages={729--734},
  organization={IEEE}
}

@article{scarselli2009graph,
  title={The graph neural network model},
  author={Scarselli, Franco and Gori, Marco and Tsoi, Ah Chung and Hagenbuchner, Markus and Monfardini, Gabriele},
  journal={IEEE Transactions on Neural Networks},
  volume={20},
  number={1},
  pages={61--80},
  year={2009},
  publisher={IEEE}
}

@article{li2015gated,
  title={Gated graph sequence neural networks},
  author={Li, Yujia and Tarlow, Daniel and Brockschmidt, Marc and Zemel, Richard},
  journal={arXiv preprint arXiv:1511.05493},
  year={2015}
}