@article{bass1968cours,
  title={Cours de math{\'e}matiques},
  author={Bass, Jean},
  year={1968},
  publisher={Masson}
}

@article{marcus1975finite,
  title={Finite dimensional multilinear algebra},
  author={Marcus, Marvin},
  year={1975},
  publisher={Dekker}
}

@article{weinstein1996groupoids,
  title={Groupoids: unifying internal and external symmetry},
  author={Weinstein, Alan},
  journal={Notices of the AMS},
  volume={43},
  number={7},
  pages={744--752},
  year={1996}
}

@book{hackbusch2012tensor,
  title={Tensor spaces and numerical tensor calculus},
  author={Hackbusch, Wolfgang},
  volume={42},
  year={2012},
  publisher={Springer Science \& Business Media}
}

@article{williamson2015tensor,
  title={Tensor spaces-the basics},
  author={Williamson, S Gill},
  journal={arXiv preprint arXiv:1510.02428},
  year={2015}
}