@article{shuman2013emerging,
  title={The emerging field of signal processing on graphs: Extending high-dimensional data analysis to networks and other irregular domains},
  author={Shuman, David I and Narang, Sunil K and Frossard, Pascal and Ortega, Antonio and Vandergheynst, Pierre},
  journal={IEEE Signal Processing Magazine},
  volume={30},
  number={3},
  pages={83--98},
  year={2013}
}

@article{sandryhaila2013discrete,
  title={Discrete signal processing on graphs},
  author={Sandryhaila, Aliaksei and Moura, Jos{\'e} MF},
  journal={IEEE transactions on signal processing},
  volume={61},
  number={7},
  pages={1644--1656},
  year={2013},
  publisher={IEEE}
}

@article{pueschel2006,
  author    = {Markus P{\"{u}}schel and
               Jos{\'{e}} M. F. Moura},
  title     = {Algebraic Signal Processing Theory},
  journal   = {CoRR},
  volume    = {abs/cs/0612077},
  year      = {2006},
  url       = {http://arxiv.org/abs/cs/0612077},
  timestamp = {Wed, 07 Jun 2017 14:40:30 +0200},
  biburl    = {http://dblp.uni-trier.de/rec/bib/journals/corr/abs-cs-0612077},
  bibsource = {dblp computer science bibliography, http://dblp.org}
}

@inproceedings{shuman2012windowed,
  title={A windowed graph Fourier transform},
  author={Shuman, David I and Ricaud, Benjamin and Vandergheynst, Pierre},
  booktitle={Statistical Signal Processing Workshop (SSP), 2012 IEEE},
  pages={133--136},
  year={2012},
  organization={Ieee}
}


@phdthesis
{
    Girault2015a,
    title={Signal Processing on Graphs-Contributions to an Emerging Field},
    author={Girault, Benjamin},
    year={2015},
    school={Lyon, {\'E}cole normale sup{\'e}rieure}
}

@article{sandryhaila2014discrete,
  title={Discrete Signal Processing on Graphs: Frequency Analysis.},
  author={Sandryhaila, Aliaksei and Moura, Jose MF},
  journal={IEEE Trans. Signal Processing},
  volume={62},
  number={12},
  pages={3042--3054},
  year={2014}
}

@article{girault2016localization,
  author    = {Benjamin Girault and
               Paulo Gon{\c{c}}alves and
               Shrikanth Narayanan and
               Antonio Ortega},
  title     = {Localization bounds for the graph translation},
  journal   = {CoRR},
  volume    = {abs/1609.08820},
  year      = {2016},
  url       = {http://arxiv.org/abs/1609.08820},
  timestamp = {Wed, 07 Jun 2017 14:41:45 +0200},
  biburl    = {http://dblp.uni-trier.de/rec/bib/journals/corr/GiraultGNO16},
  bibsource = {dblp computer science bibliography, http://dblp.org}
}

@article{girault2015translation,
  title={Translation on graphs: an isometric shift operator},
  author={Girault, Benjamin and Gon{\c{c}}alves, Paulo and Fleury, {\'E}ric},
  journal={IEEE Signal Processing Letters},
  volume={22},
  number={12},
  pages={2416--2420},
  year={2015},
  publisher={IEEE}
}

@article{friston2003dynamic,
  title={Dynamic causal modelling},
  author={Friston, Karl J and Harrison, Lee and Penny, Will},
  journal={Neuroimage},
  volume={19},
  number={4},
  pages={1273--1302},
  year={2003},
  publisher={Elsevier}
}

@article{bruna2013spectral,
  title={Spectral networks and locally connected networks on graphs},
  author={Bruna, Joan and Zaremba, Wojciech and Szlam, Arthur and LeCun, Yann},
  journal={arXiv preprint arXiv:1312.6203},
  year={2013}
}



@phdthesis{Ekambaram,
    Author = {Ekambaram, Venkatesan},
    Title = {Graph Structured Data Viewed Through a Fourier Lens},
    School = {EECS Department, University of California, Berkeley},
    Year = {2013},
    Journal = {PhD Thesis},
    Number = {UCB/EECS-2013-209}
}

@ARTICLE{perraudin2014gspbox,
   author = {{Perraudin}, Nathana{\"e}l and {Paratte}, Johan and {Shuman}, David and {Martin}, Lionel  and {Kalofolias}, Vassilis and 
  {Vandergheynst}, Pierre and {Hammond}, David K. },
    title = "{GSPBOX: A toolbox for signal processing on graphs}",
  journal = {ArXiv e-prints},
      year = 2014,
}

@ARTICLE{2015arXiv151103512G,
   author = {{Gavili}, A. and {Zhang}, X.-P.},
    title = "{On the Shift Operator, Graph Frequency and Optimal Filtering in Graph Signal Processing}",
  journal = {ArXiv e-prints},
archivePrefix = "arXiv",
   eprint = {1511.03512},
 primaryClass = "math.SP",
 keywords = {Mathematics - Spectral Theory, Computer Science - Information Theory},
     year = 2015,
    month = nov,
   adsurl = {http://adsabs.harvard.edu/abs/2015arXiv151103512G},
  adsnote = {Provided by the SAO/NASA Astrophysics Data System}
}

@article{hammond2011wavelets,
  title={Wavelets on graphs via spectral graph theory},
  author={Hammond, David K and Vandergheynst, Pierre and Gribonval, R{\'e}mi},
  journal={Applied and Computational Harmonic Analysis},
  volume={30},
  number={2},
  pages={129--150},
  year={2011},
  publisher={Elsevier}
}

@book{garey2002computers,
  title={Computers and intractability},
  author={Garey, Michael R and Johnson, David S},
  volume={29},
  year={2002},
  publisher={wh freeman New York}
}

@article{10.2307/2689812,
 ISSN = {0025570X, 19300980},
 URL = {http://www.jstor.org/stable/2689812},
 author = {D. Hanson and K. Seyffarth and J. H. Weston},
 journal = {Mathematics Magazine},
 number = {4},
 pages = {224-229},
 publisher = {Mathematical Association of America},
 title = {Matchings, Derangements, Rencontres},
 volume = {56},
 year = {1983}
}

@book{de1713essay,
  title={Essay d'analyse sur les jeux de hazard},
  author={de Montmort, Pierre R{\'e}mond},
  year={1713},
  publisher={chez Jacque Quillau, imprimeur-jur{\'e}-libraire de l'Universit{\'e}, rue Galande}
}

@misc
{
    Grant2014,
    author={Michael Grant and Stephen Boyd},
    title={{CVX}: {MATLAB} Software for Disciplined Convex Programming, version 2.1},
    howpublished={\url{http://cvxr.com/cvx}},
    month=mar,
    year=2014
}

@book
{
    Matlab2012,
    year = {2012},
    author = {MATLAB},
    title = {version 7.14.0 (R2012a)},
    publisher = {The MathWorks Inc.},
    address = {Natick, Massachusetts}
}

@article{watts1998collective,
  title={Collective dynamics of ‘small-world’networks},
  author={Watts, Duncan J and Strogatz, Steven H},
  journal={nature},
  volume={393},
  number={6684},
  pages={440--442},
  year={1998},
  publisher={Nature Publishing Group}
}

@inproceedings
{
    grelier2016neighborhood,
    title     = {Neighborhood-Preserving Translations on Graphs},
    author    = {Grelier, Nicolas and Pasdeloup, Bastien and Vialatte, Jean-Charles and Gripon, Vincent},
    booktitle = {GlobalSIP 2016 : IEEE Global Conference on Signal and Information Processing},
    address   = {Arlington, United States},
    pages     = {410--414},
    year      = {2016},
    month     = {Dec}
}

@inproceedings{cook1971complexity,
  title={The complexity of theorem-proving procedures},
  author={Cook, Stephen A},
  booktitle={Proceedings of the third annual ACM symposium on Theory of computing},
  pages={151--158},
  year={1971},
  organization={ACM}
}

@article{pasdeloup2017translations_full,
  title={Translations on graphs with neighborhood preservation},
  author={Pasdeloup, Bastien and Gripon, Vincent and Grelier, Nicolas and Vialatte, Jean-Charles and Pastor, Dominique},
  journal={arXiv preprint arXiv:1709.03859},
  year={2017}
}


    @article
    {
        krizhevsky2009learning,
        title={Learning multiple layers of features from tiny images},
        author={Krizhevsky, Alex and Hinton, Geoffrey},
        year={2009},
        publisher={Technical report, University of Toronto}
    }
    

    @article
    {
        haxby2001distributed,
        title={Distributed and overlapping representations of faces and objects in ventral temporal cortex},
        author={Haxby, James V and Gobbini, M Ida and Furey, Maura L and Ishai, Alumit and Schouten, Jennifer L and Pietrini, Pietro},
        journal={Science},
        volume={293},
        number={5539},
        year={2001},
        publisher={American Association for the Advancement of Science},
        pages={2425--2430}
    }
    
    @article
    {
        henaff2015deep,
        title={Deep convolutional networks on graph-structured data},
        author={Henaff, Mikael and Bruna, Joan and LeCun, Yann},
        journal={arXiv preprint:1506.05163},
        year={2015}
    }
    
    @inproceedings
    {
        defferrard2016convolutional,
        title={Convolutional neural networks on graphs with fast localized spectral filtering},
        author={Defferrard, Micha{\"e}l and Bresson, Xavier and Vandergheynst, Pierre},
        booktitle={Advances in Neural Information Processing Systems},
        year={2016},
        pages={3844--3852}
    }

    @article
    {
        puy2017unifying,
        author    = {Gilles Puy and Srdan Kitic and Patrick P{\'{e}}rez},
        title     = {Unifying local and non-local signal processing with graph CNNs},
        journal = {arXiv preprint:1702.07759},
        year = {2017}
    }

    @inproceedings
    {
        niepert2016learning,
        title={Learning convolutional neural networks for graphs},
        author={Niepert, Mathias and Ahmed, Mohamed and Kutzkov, Konstantin},
        booktitle={International Conference on Machine Learning},
        year={2016},
        pages={2014--2023}
    }

    @article
    {
        monti2016geometric,
        title={Geometric deep learning on graphs and manifolds using mixture model CNNs},
        author={Monti, Federico and Boscaini, Davide and Masci, Jonathan and Rodol{\`a}, Emanuele and Svoboda, Jan and Bronstein, Michael M},
        journal={arXiv preprint:1611.08402},
        year={2016}
    }


    @article
    {
        atwood2015diffusion,
        author    = {James Atwood and Don Towsley},
        title     = {Diffusion-Convolutional Neural Networks},
        year      = {2015},
        journal = {arXiv preprint:1511.02136}
    }


    @article
    {
        hechtlinger2017generalization,
        title={A Generalization of Convolutional Neural Networks to Graph-Structured Data},
        author={Hechtlinger, Yotam and Chakravarti, Purvasha and Qin, Jining},
        journal={arXiv preprint:1704.08165},
        year={2017}
    }


    @article
    {
        vialatte2017learning,
        author    = {Jean{-}Charles Vialatte and Vincent Gripon and Gilles Coppin},
        title     = {Learning Local Receptive Fields and their Weight Sharing Scheme on Graphs},
        year      = {2017},
        journal = {arXiv preprint:1706.02684}
    }


    @inproceedings
    {
        duvenaud2015convolutional,
        title={Convolutional networks on graphs for learning molecular fingerprints},
        author={Duvenaud, David K and Maclaurin, Dougal and Iparraguirre, Jorge and Bombarell, Rafael and Hirzel, Timothy and Aspuru-Guzik, Al{\'a}n and Adams, Ryan P},
        booktitle={Advances in neural information processing systems},
        year={2015},
        pages={2224--2232}
    }


    @inproceedings
    {
        kalofolias2016learn,
        title={How to learn a graph from smooth signals},
        author={Kalofolias, Vassilis},
        booktitle={Artificial Intelligence and Statistics},
        year={2016},
        pages={920--929}
    }


    @inproceedings
    {
        girault2015stationary,
        TITLE = {{Stationary Graph Signals using an Isometric Graph Translation}},
        AUTHOR = {Girault, Benjamin},
        URL = {https://hal.inria.fr/hal-01155902},
        BOOKTITLE = {{Eusipco}},
        ADDRESS = {Nice, France},
        YEAR = {2015},
        MONTH = Aug,
        KEYWORDS = {Signal processing on graphs ; Stationary signals},
        PDF = {https://hal.inria.fr/hal-01155902/file/eusipco15.pdf},
        HAL_ID = {hal-01155902},
        HAL_VERSION = {v1},
        PAGES = {1531-1535}
    }

    @article
    {
        sabidussi1966centrality,
        title={The centrality index of a graph},
        author={Sabidussi, Gert},
        journal={Psychometrika},
        volume={31},
        number={4},
        year={1966},
        publisher={Springer},
        pages={581--603}
    }
    

    @article
    {
        cheng2016deep,
        title={Deep Haar scattering networks},
        author={Cheng, Xiuyuan and Chen, Xu and Mallat, St{\'e}phane},
        journal={Information and Inference: A Journal of the IMA},
        volume={5},
        number={2},
        year={2016},
        publisher={Oxford University Press},
        pages={105--133}
    }

    @article
    {
        dutt2017coupled,
        title={Coupled Ensembles of Neural Networks},
        author={Dutt, Anuvabh and Pellerin, Denis and Quénot, Georges},
        journal={arXiv preprint:1709.06053},
        year={2017}
    }

    @article
    {
        bellec2010multi,
        author = {Bellec, Pierre and Rosa, Pedro and Lyttelton, Oliver and Benali, Habib and Evans, Alan},
        year = {2010},
        month = {03},
        title = {Multi-level bootstrap analysis of stable clusters (BASC) in resting-state fMRI},
        volume = {51},
        booktitle = {NeuroImage},
        pages = {1126-39}
    }
    
    @misc
    {
        nilearn2017haxby,
        title = {Different classifiers in decoding the Haxby dataset},
        howpublished = {\url{goo.gl/pux2oG}},
        year={2015},
        note = {Accessed: 2017-10-02}
    }
    

    @inproceedings{krizhevsky2012imagenet,
  title={Imagenet classification with deep convolutional neural networks},
  author={Krizhevsky, Alex and Sutskever, Ilya and Hinton, Geoffrey E},
  booktitle={Advances in neural information processing systems},
  year={2012},
  pages={1097--1105}
}


@article{vialatte2016generalizing,
  author    = {Jean{-}Charles Vialatte and
               Vincent Gripon and
               Gr{\'{e}}goire Mercier},
  title     = {Generalizing the Convolution Operator to Extend CNNs to Irregular Domains},
  year      = {2016},
  journal = {arXiv preprint:1606.01166}
}

@article{levie2017cayleynets,
  author    = {Ron Levie and
               Federico Monti and
               Xavier Bresson and
               Michael M. Bronstein},
  title     = {CayleyNets: Graph Convolutional Neural Networks with Complex Rational
               Spectral Filters},
  year      = {2017},
  journal = {arXiv preprint:1705.07664}
}

@ARTICLE{Gansner00anopen,
    author = {Emden R. Gansner and Stephen C. North},
    title = {An open graph visualization system and its applications to software engineering},
    journal = {SOFTWARE - PRACTICE AND EXPERIENCE},
    year = {2000},
    volume = {30},
    number = {11},
    pages = {1203--1233}
}

    @article
    {
        pasdeloup2017characterization,
        title     = {Characterization and inference of graph diffusion processes from observations of stationary signals},
        author    = {Pasdeloup, Bastien and Gripon, Vincent and Mercier, Gr{\'e}goire and Pastor, Dominique and Rabbat, Michael G},
        journal   = {IEEE Transactions on Signal and Information Processing over Networks},
        year      = {2017},
        publisher = {IEEE}
    }