@misc{wiki:enc,
 author = "contributors Wikipedia",
 title = "Convolution, par. Historical developments --- {W}ikipedia{,} The Free Encyclopedia",
 year = "2018",
 url = "https://en.wikipedia.org/wiki/Convolution#Historical_developments",
 note = "[Online; accessed April-2018]"
}

@misc{wiki:fnn,
 author = "contributors Wikipedia",
 title = "Feedforward neural network --- {W}ikipedia{,} The Free Encyclopedia",
 year = "2018",
 url = "https://en.wikipedia.org/wiki/Feedforward_neural_network",
 note = "[Online; accessed April-2018]"
}

@misc{wiki:cayley,
 author = "contributors Wikipedia",
 title = "Cayley graph --- {W}ikipedia{,} The Free Encyclopedia",
 year = "2018",
 url = "https://en.wikipedia.org/wiki/Cayley_graph",
 note = "[Online; accessed April-2018]"
}

@misc{wiki:conv,
 author = "contributors Wikipedia",
 title = "Convolution theorem --- {W}ikipedia{,} The Free Encyclopedia",
 year = "2018",
 url = "https://en.wikipedia.org/wiki/Convolution_theorem",
 note = "[Online; accessed April-2018]"
}

@misc{wiki:lie,
 author = "contributors Wikipedia",
 title = "Lie groupoid --- {W}ikipedia{,} The Free Encyclopedia",
 year = "2018",
 url = "https://en.wikipedia.org/wiki/Lie_groupoid",
 note = "[Online; accessed April-2018]"
}

@misc{wiki:soft,
 author = "contributors Wikipedia",
 title = "Softmax function --- {W}ikipedia{,} The Free Encyclopedia",
 year = "2018",
 url = "https://en.wikipedia.org/wiki/Softmax_function",
 note = "[Online; accessed April-2018]"
}

@online{vgg,
  author = {Cord, Matthieu},
  title = {Deep learning an weak supervision for image classification},
  year = {2016},
  url = {http://webia.lip6.fr/~cord/pdfs/news/TalkDeepCordI3S.pdf},
  note = "[Online; accessed April-2018]"
}