%scattering
@inproceedings{chen2014unsupervised,
  title={Unsupervised deep haar scattering on graphs},
  author={Chen, Xu and Cheng, Xiuyuan and Mallat, St{\'e}phane},
  booktitle={Advances in Neural Information Processing Systems},
  pages={1709--1717},
  year={2014}
}

@article{mallat2016understanding,
  title={Understanding deep convolutional networks},
  author={Mallat, St{\'e}phane},
  journal={Philosophical Transactions of the Royal Society A},
  volume={374},
  number={2065},
  year={2016},
  publisher={The Royal Society}
}