

@inproceedings{tompson2014joint,
  title={Joint training of a convolutional network and a graphical model for human pose estimation},
  author={Tompson, Jonathan J and Jain, Arjun and LeCun, Yann and Bregler, Christoph},
  booktitle={Advances in neural information processing systems},
  pages={1799--1807},
  year={2014}
}

@article{kwok1997constructive,
  title={Constructive algorithms for structure learning in feedforward neural networks for regression problems},
  author={Kwok, Tin-Yau and Yeung, Dit-Yan},
  journal={IEEE Transactions on Neural Networks},
  volume={8},
  number={3},
  pages={630--645},
  year={1997},
  publisher={IEEE}
}

@inproceedings{richardson1996discovery,
  title={A discovery algorithm for directed cyclic graphs},
  author={Richardson, Thomas},
  booktitle={Proceedings of the Twelfth international conference on Uncertainty in artificial intelligence},
  pages={454--461},
  year={1996},
  organization={Morgan Kaufmann Publishers Inc.}
}

@book{moody1988learning,
  title={Learning with localized receptive fields},
  author={Moody, John and Darken, Christian},
  year={1988},
  publisher={Yale Univ., Department of Computer Science}
}
